@Article{ bentley,
  title="Whole-genome re-sequencing",
  author="Bentley, David R",
  journal="Current opinion in genetics and development.",
  volume="16",
  number="6",
  pages="545--552",
  year="2006",
  publisher="Elsevier"
}

@misc{ jarrad,
	author = "Richard D. Jarrard",
	howpublished = "Disponível em: \url{http://www.iibhg.ukim.edu.mk/obrazovanie/sm_all.pdf}",
        year = "2001"
}

@Article{ rothberg,
  title="The development and impact of 454 sequencing.",
  author="Rothberg, Jonathan M and Leamon, John H",
  journal="Nature biotechnology",
  volume="26",
  number="10",
  pages="1117--1124",
  year="2008",
  publisher="Nature Publishing Group"
}

@Article{ schuster,
  title="Next-generation sequencing transforms today’s biology.",
  author="Schuster, Stephan C",
  journal="Nature",
  volume="200",
  number="8",
  year="2007"
}

@Article{ altintas,
  title="Provenance collection support in the kepler scientific workflow system.",
  author="Altintas, Ilkay and Barney, Oscar and Jaeger-Frank, Efrat",
  booktitle="Provenance and annotation of data",
  pages="118--132",
  year="2006",
  publisher="Springer"
}

@Article{ buneman,
  title="Why and where: A characterization of data provenance",
  author="Buneman, Peter and Khanna, Sanjeev and Wang-Chiew, Tan",
  booktitle="Database Theory—ICDT 2001",
  pages="316--330",
  year="2001",
  publisher="Springer"
}

@Article{ renato,
  title="Provenance in bioinformatics workflows",
  author="de Paula, Renato and Holanda, Maristela and Gomes, Luciana SA and Lifschitz, Sergio and Walter, Maria Emilia MT",
  journal="BMC Bioinformatics",
  volume="14",
  number="Suppl 11",
  pages="S6",
  year="2013",
  publisher="BioMed Central Ltd"
} 

@Article{ muhammad,
  title="Provenance Framework for the Cloud Infrastructure: Why and How?",
  author="Imran, Muhammad and Hlavacs, Helmut",
  journal="International Journal On Advances in Intelligent Systems",
  volume="6",
  number="1 and 2",
  pages="112--123",
  year="2013"
}

@inproceedings{kiran,
  title="Provenance for the Cloud.",
  author="Muniswamy-Reddy, Kiran-Kumar and Macko, Peter and Seltzer, Margo I",
  booktitle="FAST",
  volume="10",
  pages="15--14",
  year="2010"
}

@Article{ davidson,
  title="Provenance and scientific workflows: challenges and opportunities",
  author="Davidson, Susan B and Freire, Juliana",
  booktitle="Proceedings of the 2008 ACM SIGMOD international conference on Management of data",
  pages="1345--1350",
  year="2008",
  organization="ACM"
}

@Article{ tan,
  title="Research Problems in Data Provenance.",
  author="Tan, Wang Chiew",
  journal="IEEE Data Eng. Bull.",
  volume="27",
  number="4",
  pages="45--52",
  year="2004"
}

@Article{ zhao,
  title="Publishing and consuming provenance metadata on the web of linked data",
  author="Hartig, Olaf and Zhao, Jun",
  booktitle="Provenance and Annotation of Data and Processes",
  pages="78--90",
  year="2010",
  publisher="Springer"
} 

@Article{ sahoo,
  title="Provenir ontology: Towards a framework for escience provenance management",
  author="Sahoo, Satya S and Sheth, Amit",
  year="2009"
}

@Article{ moreau,
  title="Governance of the Open Provenance Model",
  author="Moreau, Luc and Freire, Juliana and Futrelle, Joe and Myers, Jim and Paulson, Patrick",
  journal="URL http://twiki. ipaw. info/pub/OPM/WebHome/governance. pdf",
  year="2009"
}

@misc{ w3c,
  author = "W3C",
  howpublished = "Disponível em: \url{www.w3.org/TR/prov-dm/}",
  year = "Acessado em 06 de Abril de 2014."
}

@Article{ sousa,
  title="Gerenciamento de dados em nuvem: Conceitos, sistemas e desafios",
  author="Sousa, Fl{\'a}vio RC and Moreira, Leonardo O and de Mac{\^e}do, Jos{\'e} Ant{\^o}nio F and Machado, Javam C",
  journal="Topicos em sistemas colaborativos, interativos, multimidia, web e bancos de dados, Sociedade Brasileira de Computacao",
  pages="101--130",
  year="2010"
}

@Article{ rabi,
  author = "Padhy, Rabi Prasad and Patra, Manas Ranjan and Satapathy, Suresh Chandra",
  title = "RDBMS to NoSQL: Reviewing Some Next-Generation Non-Relational Database's.",
  journal = "International Journal of Advanced Engineering and Technologies.",
  volume = "11",
  number = "1",
  pages = "015--030",
  year = "2011"
}

@misc{ riak,
  author = "Riak",
  howpublished = "Disponível em: \url{http://basho.com/riak/}",
  year = "Acessado em: 06 de Abril de 2014."
}

@misc{ redis,
  author = "Redis",
  howpublished = "Disponível em: \url{http://redis.io/}",
  year = "Acessado em: 06 de Abril de 2014."
}

@misc{ memcached,
  author = "Memcached",
  howpublished = "Disponível em: \url{http://memcached.org/}",
  year = "Acessado em: 06 de Abril de 2014."
}

@Article{ berkeley,
  title="Berkeley DB.",
  author="Olson, Michael A and Bostic, Keith and Seltzer, Margo I",
  booktitle="USENIX Annual Technical Conference, FREENIX Track",
  pages="183--191",
  year="1999"
}

@misc{ hamsterdb,
  author = "HamsterDB",
  howpublished = "Disponível em: \url{http://hamsterdb.com/}",
  year = "Acessado em: 06 de Abril de 2014."
}

@misc{ dynamodb,
  author = "Dynamodb",
  howpublished = "Disponível em: \url{http://aws.amazon.com/dynamodb/}",
  year = "Acessado em: 06 de Abril de 2014."
}

@misc{ pvoldemort,
  author = "Project Voldemort",
  howpublished = "Disponível em: \url{http://www.project-voldemort.com/voldemort/}",
  year = "Acessado em: 06 de Abril de 2014."
}

@Article{chang2008bigtable,
  title="Bigtable: A distributed storage system for structured data",
  author="Chang, Fay and Dean, Jeffrey and Ghemawat, Sanjay and Hsieh, Wilson C and Wallach, Deborah A and Burrows, Mike and Chandra, Tushar and Fikes, Andrew and Gruber, Robert E",
  journal="ACM Transactions on Computer Systems (TOCS)",
  volume="26",
  number="2",
  pages="4",
  year="2008",
  publisher="ACM"
}

@misc{ cassandra,
  author = "Cassandra",
  howpublished = "Disponível em: \url{http://cassandra.apache.org/}",
  year = "Acessado em: 06 de Abril de 2014."
}

@misc{ hbase,
  author = "HBase",
  howpublished = "Disponível em: \url{https://hbase.apache.org/}",
  year = "Acessado em: 06 de Abril de 2014."
}

@misc{ mongodb,
  author = "MongoDB",
  howpublished = "Disponível em: \url{https://www.mongodb.org/}",
  year = "Acessado em: 06 de Abril de 2014."
}

@misc{ terrastore,
  author = "Terrastore",
  howpublished = "Disponível em: \url{https://code.google.com/p/terrastore/}",
  year = "Acessado em: 06 de Abril de 2014."
}

@misc{ orientdb,
  author = "OrientDB",
  howpublished = "Disponível em: \url{http://www.orientechnologies.com/orientdb/}",
  year = "Acessado em: 06 de Abril de 2014."
}

@misc{ ravendb,
  author = "RavenDB",
  howpublished = "Disponível em: \url{https://ravendb.net/}",
  year = "Acessado em: 06 de Abril de 2014."
}

@misc{ infinitegraph,
  author = "InfiniteGraph",
  howpublished = "Disponível em: \url{http://www.objectivity.com/infinitegraph}",
  year = "Acessado em: 06 de Abril de 2014."
}

@misc{ flockDB,
  author = "FlockDB",
  howpublished = "Disponível em: \url{https://github.com/twitter/flockdb}",
  year = "Acessado em: 06 de Abril de 2014."
}

@inproceedings{angles,
  title="A comparison of current graph database models",
  author="Angles, Renzo",
  booktitle="Data Engineering Workshops (ICDEW), 2012 IEEE 28th International Conference on",
  pages="171--177",
  year="2012",
  organization="IEEE"
}

@misc{ neo4j,
  author = "Neo4J",
  howpublished = "Disponível em: \url{http://www.neo4j.org/learn/neo4j}",
  year = "Acessado em: 06 de Abril de 2014."
}

@Article{ dominguez,
  title="A discussion on the design of graph database benchmarks",
  author="Dominguez-Sal, David and Martinez-Bazan, Norbert and Muntes-Mulero, Victor and Baleta, Pere and Larriba-Pey, Josep Lluis",
  booktitle="Performance Evaluation, Measurement and Characterization of Complex Systems",
  pages="25--40",
  year="2011",
  publisher="Springer"
}

@Article{ buerli,
  title="The Current State of Graph Databases",
  author="Buerli, Mike and Obispo, Cal Poly San Luis",
  journal="Department of Computer Science, Cal Poly San Luis Obispo, mbuerli@ calpoly. edu",
  year="2012"
}

@Article{ chad,
  title="A comparison of a graph database and a relational database: a data provenance perspective",
  author="Vicknair, Chad and Macias, Michael and Zhao, Zhendong and Nan, Xiaofei and Chen, Yixin and Wilkins, Dawn",
  booktitle="Proceedings of the 48th annual Southeast regional conference",
  pages="42",
  year="2010",
  organization="ACM"
}

@Article{ muniswamy,
  title="Provenance as first class cloud data",
  author="Muniswamy-Reddy, Kiran-Kumar and Seltzer, Margo",
  journal="ACM SIGOPS Operating Systems Review",
  volume="43",
  number="4",
  pages="11--16",
  year="2010",
  publisher="ACM"
}

@Article{ oliveira,
  title="Reprodução de Experimentos Científicos Usando Nuvens",
  author="de Oliveira, Ary Henrique M and de Souza Martins, Murilo and Modesto, Igor and de Oliveira, Daniel and Mattoso, Marta",
  journal = "Anais do XVII Simpósio Brasileiro de Banco de Dados (SBBD 2012).",
  year = "2012"
}

@Article{ costa,
  title="Capturing and querying workflow runtime provenance with PROV: a practical approach",
  author="Costa, Flavio and Silva, V{\'\i}tor and de Oliveira, Daniel and Oca{\~n}a, Kary and Ogasawara, Eduardo and Dias, Jonas and Mattoso, Marta",
  booktitle="Proceedings of the Joint EDBT/ICDT 2013 Workshops",
  pages="282--289",
  year="2013",
  organization="ACM"
}

@Article{ goncalves,
  title={Performance Analysis of Data Filtering in Scientific Workflows},
  author={Gon{\c{c}}alves, Jo{\~a}o and de Oliveira, Daniel and Oca{\~n}a, Kary and Ogasawara, Eduardo and Dias, Jonas and Mattoso, Marta},
  journal={Journal of Information and Data Management},
  volume={4},
  number={1},
  pages={17},
  year={2013}
}

@Article{ rodrigo,
  author = "Pinheiro, R and Holanda, M and Araujo, F and Walter, E and Lifschitz, S.",
  title = "Automatic capture of provenance data in genome project workflows.",
  journal = "Bioinformatics and Biomedicine (BIBM), 2013 IEEE International Conference on",
  year = "2013",
  pages = "15 - 20",
  location = "Shanghai"
}

@Article{ simon,
  title={Achieving reproducibility by combining provenance with service and workflow versioning},
  author={Woodman, Simon and Hiden, Hugo and Watson, Paul and Missier, Paolo},
  booktitle={Proceedings of the 6th workshop on Workflows in support of large-scale science},
  pages={127--136},
  year={2011},
  organization={ACM}
}

@Book{ fowler,
	author = "Fowler, Martin and Sadalage, Pramod J",
	title = "NoSQL Um Guia Conciso para o Mundo Emergente de Persistência Poliglota Essencial.",
	publisher = "NOVATEC",
	address = "São Paulo",
	year = "2013"
}

@misc{ couchdb,
	author = "CouchDB.",
	howpublished = "Disponível em: \url{http://couchdb.apache.org.}",
        year = "2014."
}

@Article{ angels,
  title={Survey of graph database models},
  author={Angles, Renzo and Gutierrez, Claudio},
  journal={ACM Computing Surveys (CSUR)},
  volume={40},
  number={1},
  pages={1},
  year={2008},
  publisher={ACM}
}

@Article{ paulino,
  title={Captura de Metadados de Proveni{\^e}ncia para Workflows Cient{\'\i}ficos em Nuvens Computacionais},
  author={Paulino, Carlos and Oliveira, D and Cruz, Sms and Campos, Maria Luiza Machado and Mattoso, Marta},
  journal={Anais do XXV Simp{\'o}sio Brasileiro de Banco de Dados},
  year={2010}
}  

@incollection{ram,
  title={Understanding the semantics of data provenance to support active conceptual modeling},
  author={Ram, Sudha and Liu, Jun},
  booktitle={Active conceptual modeling of learning},
  pages={17--29},
  year={2007},
  publisher={Springer}
}

@article{bunge,
  title={Treatise on basic philosophy: Volume 3: Ontology 1: The furniture of the world},
  author={Bunge, Mario},
  journal={Reidel, Boston},
  year={1977}
}

@book{partner2013neo4j,
  title={Neo4j in Action},
  author={Partner, Jonas and Vukotic, Aleksa and Watt, Nicki},
  year={2013},
  publisher={O'Reilly Media}
}

@article{korolev,
  title={PROB: A tool for Tracking Provenance and Reproducibility of Big Data Experiments.},
  author={Korolev, Vladimir and Joshi, Anupam},
  journal={Reproduce'14. HPCA 2014},
  year={2014}
}

@misc{ uniprot,
	author = "UNIPROT",
	howpublished = "Disponível em: \url{http://www.uniprot.org}",
        year = "2012"
}